@techreport{wajid,
     title = {System-Level Modeling and Synthesis Techniques for Flow-Based Microfluidic Very Large Scale Integration Biochips},
     author = {Wajid Hassan Minhass},
     year = {2012},
     institution = {Technical University of Denmark, DTU Compute}
}

@inproceedings{fault-modeling,
  title={Testing of Flow-Based Microfluidic Biochips: Fault Modeling, Test Generation, and Experimental Demonstration},
  author={Hu, Kai and Yu, Feiqiao and Ho, Tsung-Yi and Chakrabarty, Krishnendu},
  booktitle={IEEE Transactions on Computer-Aided Design of Integrated Circuits and Systems, Vol. 33, No. 10, October 2014},
  pages={1463--1475},
  year={2014}
}

@techreport{mirela,
     title = {Compilation and Synthesis for Fault-Tolerant Digital Microfluidic Biochips},
     author = {Mirela Alistar},
     year = {2014},
     institution = {Technical University of Denmark, DTU Compute}
}

@techreport{michael,
     title = {Placement Algorithm for Flow-Based Microfluidic Biochips},
     author = {Michael Raagaard},
     year = {2014},
     institution = {Technical University of Denmark, DTU Compute}
}

@techreport{domi-grasp,
     title = {Incremental Scheduling of {TTE}thernet Networks to Reduce Re-certification Costs},
     author = {Imre, Dobo and Tamas-Selicean, Domitian and Pop, Paul},
     institution = {Technical University of Denmark, DTU Compute}
}

@techreport{grasp,
     title = {Greedy Randomized Adaptive Search Procedures},
     author = {Pitsoulis, Leonidas S. and Resende, Mauricio G.C.},
     institution = {Princeton University}
}


@article{component-view,
	Author = {Lim, Y.C. and Kouzani, A.Z. and Duan, W.},
	Doi = {10.1007/s00542-010-1141-6},
	Journal = {Microsyst Technol},
	Number = {16},
	Pages = {1995--2015},
	Publisher = {Springer-Verlag},
	Title = {Lab-on-a-chip: a component view},
	Volume = {16},
	Year = {2010}
}

@article{integration-microfluidics,
	Author = {Melin, Jessica and Quake, Stephen R.},
	Doi = {10.1146/annurev.biophys.36.040306.132646},
	Issn = {213-31},
	Journal = {Annu. Rev. Biophys. Biomol. Struct. 2007},
	Number = {36},
	Pages = {213--231},
	Publisher = {Annual review},
	Title = {Microfluidic Large-Scale Integration: The Evolution of Design Rules for Biological Automation},
	Volume = {36},
	Year = {2007}
}

@article{life-sciences-microfluidics,
	Author = {Becker, Holger and Gartner, Claudia},
	Doi = {10.3184/003685012X13361524970266},
	Journal = {Science Progress},
	Number = {95},
	Pages = {175--198},
	Title = {Microfluidics and the life sciences},
	Volume = {95},
	Year = {2012}
}

@article{recent-developments-microfluidics,
	Author = {Araci, Ismail Emre and Brisk, Philip},
	Journal = {Current Opinion in Biotechnology},
	Number = {25},
	Pages = {60--68},
	Publisher = {Elsevier Ltd},
	Title = {Microfluidics and the life sciences},
	Volume = {25},
	Year = {2014}
}

@book{list-scheduling,
	Author = {Sinnen, Oliver},
	Howpublished = {Hardcover},
	Publisher = {John Wiley & Sons, Inc.},
	Title = {Task Scheduling for Parallel Systems},
	Year = {2007}
}

@book{arti-intel,
	Author = {Russell, Stuart J. and Norvig, Peter},
	Howpublished = {Hardcover},
	Publisher = {Pearson},
	Title = {Artificial Intelligence - A Modern Approach},
	Year = {2010}
}

@article{microfluidic-largescale,
	Author = {Thorsen, T. and S. J. Maerki and Maerki, S.J. and Quake, S.R.},
	Journal = {Science},
	Number = {298(5593)},
	Pages = {580--584},
	Title = {Microfluidic large-scale integration},
	Year = {2002}
}

@misc{stanford-group,
  title = {Stephen {Q}uake's Group at Stanford University},
  howpublished = {\url{http://thebigone.stanford.edu/}},
  note = {Accessed: 2015-06-08}
}